<mjloggm ver="2.3"><GO type="1"/><UN n0="%31%35%35" n1="%68%69%6B%6F" n2="%E3%82%BF%E3%83%B3%E3%83%80%E3%82%A4" n3="%E3%81%8B%E3%81%AB%E3%83%9E%E3%82%B8%E3%83%B3" dan="0,10,12,6"/><TAIKYOKU oya="0"/><INIT seed="0,0,0,3,4,86" ten="250,250,250,250" oya="0" hai0="99,27,40,41,47,93,120,44,4,30,37,9,50" hai1="24,107,51,105,66,23,113,97,130,95,5,58,38" hai2="131,71,2,85,17,61,57,119,35,56,84,112,59" hai3="73,89,111,52,14,106,54,29,25,100,125,11,116"/><T98/><D120/><U28/><E38/><V88/><F112/><W117/><G73/><T81/><D81/><U101/><E113/><V26/><F2/><W94/><G125/><T34/><D93/><U10/><E130/><V18/><F131/><W46/><G111/><T132/><D132/><U118/><E118/><V91/><F119/><W122/><G122/><T49/><REACH who="0" /><D37/><U87/><E87/><V36/><F36/><W20/><G117/><T108/><D108/><U8/><E8/><V13/><F71/><W70/><G70/><T135/><D135/><U123/><E123/><V22/><F35/><W1/><G116/><T55/><D55/><U6/><E6/><V92/><F61/><W77/><G106/><T39/><D39/><U19/><E19/><N who="2" m="13151" /><F13/><AGARI ba="0,0" hai="4,9,13,27,30,34,40,41,44,47,49,50,98,99" machi="13" ten="30,5800,0" yaku="1,1,7,1,9,1,53,0" doraHai="86" doraHaiUra="103" who="0" fromWho="2" sc="240,68,250,0,250,-58,250,0" /><INIT seed="0,1,0,0,1,2" ten="308,250,192,250" oya="0" hai0="66,47,115,132,96,30,71,113,84,104,134,18,82" hai1="73,36,95,70,128,7,52,102,77,20,14,3,105" hai2="23,110,100,107,12,24,39,65,72,61,83,89,64" hai3="127,81,28,16,119,97,117,9,51,5,46,17,103"/><T54/><D30/><U60/><E3/><V114/><F114/><W57/><G127/><T13/><D104/><U26/><E105/><V129/><F110/><W74/><G28/><T133/><D96/><U63/><E36/><V131/><F39/><W130/><G130/><T86/><D47/><U62/><E128/><V32/><F12/><W78/><G57/><T75/><D75/><U59/><E70/><V35/><F65/><W45/><G119/><T42/><D42/><U55/><E73/><V11/><F11/><W135/><G135/><T4/><D54/><U122/><E122/><V40/><F40/><W108/><G108/><T34/><D34/><U33/><E33/><V88/><F35/><W37/><G46/><T125/><D125/><U92/><E77/><V126/><F126/><W58/><G58/><T79/><D84/><U41/><E41/><V87/><F72/><W123/><G37/><T25/><D71/><U29/><E55/><V67/><F67/><W80/><G80/><T109/><D109/><U38/><E38/><V98/><F89/><W112/><G117/><T99/><D66/><U68/><E68/><V8/><F8/><W118/><G112/><T19/><D99/><U121/><E121/><V10/><F10/><W91/><G91/><T69/><D69/><U6/><E14/><V0/><F0/><N who="3" m="679" /><G123/><T50/><D50/><N who="1" m="31127" /><E102/><V116/><F116/><W22/><G22/><N who="0" m="12111" /><D4/><AGARI ba="1,0" hai="4,6,7,20,26,29,60,62,63,92,95" m="31127" machi="4" ten="30,8000,1" yaku="8,1,52,3,54,1" doraHai="2" who="1" fromWho="0" sc="308,-83,250,83,192,0,250,0" /><INIT seed="1,0,0,2,3,99" ten="225,333,192,250" oya="1" hai0="87,21,50,76,44,72,123,133,70,54,60,31,85" hai1="75,112,131,124,59,53,89,27,8,114,100,10,9" hai2="51,88,74,12,127,91,43,67,92,96,15,6,20" hai3="84,57,22,86,83,16,98,56,62,121,128,32,103"/><U49/><E75/><V104/><F127/><W122/><G128/><T73/><D123/><U64/><E124/><V4/><F74/><W97/><G32/><T125/><D125/><U134/><E131/><V61/><F104/><W14/><G97/><T119/><D119/><U81/><E134/><V71/><F91/><W17/><G57/><T135/><D31/><U11/><N who="1" m="2560" /><DORA hai="120" /><U94/><E114/><V117/><F117/><W48/><G17/><T115/><D115/><U95/><E112/><V23/><F15/><W90/><G48/><T26/><D70/><U13/><E64/><V77/><F77/><W102/><G98/><T130/><D130/><U52/><E13/><V28/><F23/><W42/><G42/><T111/><D111/><U41/><E41/><V109/><F109/><W39/><G39/><T79/><D72/><U69/><E69/><V45/><F28/><W25/><G25/><T116/><D116/><U110/><E110/><V93/><F93/><N who="1" m="35337" /><E27/><V106/><F106/><W24/><G24/><T118/><D118/><U63/><E81/><V80/><F80/><N who="3" m="49927" /><G122/><T108/><D108/><U3/><E3/><V105/><REACH who="2" /><F105/><W58/><G121/><T33/><D33/><U82/><E89/><V78/><F78/><N who="3" m="46967" /><G58/><T2/><D2/><U66/><E82/><V65/><F65/><AGARI ba="0,0" hai="14,16,22,56,62,65,102,103" m="46967,49927" machi="65" ten="30,7700,0" yaku="8,1,52,2,54,1" doraHai="99,120" who="3" fromWho="2" sc="225,0,333,0,182,-77,250,87" /><INIT seed="2,0,0,1,1,126" ten="225,333,105,337" oya="2" hai0="118,72,107,132,91,38,33,37,115,70,39,53,23" hai1="86,76,105,14,75,110,123,24,106,79,100,121,56" hai2="113,8,1,71,129,96,58,29,127,102,92,0,78" hai3="49,82,101,87,13,90,111,60,81,94,89,10,43"/><V36/><F113/><W18/><G111/><T103/><D115/><U130/><E56/><V112/><F112/><W11/><G60/><T35/><D132/><U114/><E24/><V59/><F71/><W9/><G101/><T40/><D118/><U26/><E26/><V125/><F36/><W52/><G43/><T57/><D23/><U65/><E65/><V117/><F117/><W64/><G64/><T135/><D135/><U88/><E14/><V128/><F78/><W99/><REACH who="3" /><G81/><T62/><D91/><U45/><E45/><AGARI ba="0,0" hai="9,10,11,13,18,45,49,52,82,87,89,90,94,99" machi="45" ten="30,12000,2" yaku="1,1,2,1,7,1,25,2,8,1,54,1,53,0" doraHai="126" doraHaiUra="2" who="3" fromWho="1" sc="225,0,333,-120,105,0,327,130" /><INIT seed="3,0,0,4,2,12" ten="225,213,105,457" oya="3" hai0="28,4,133,16,69,34,111,84,33,98,97,65,96" hai1="0,3,31,103,59,22,135,86,44,100,62,42,74" hai2="87,76,81,99,80,107,25,18,128,17,55,63,93" hai3="2,124,11,109,95,21,134,26,43,120,50,131,27"/><W127/><G120/><T78/><D111/><U24/><E135/><V75/><F128/><W91/><G131/><T14/><D133/><U41/><E74/><V121/><F121/><W64/><G134/><T37/><D37/><U57/><E0/><V6/><F6/><N who="3" m="2007" /><G64/><T113/><D113/><U122/><E3/><V118/><F118/><W10/><G10/><T15/><D4/><U88/><E122/><V32/><F107/><W60/><G60/><T72/><D72/><U56/><E42/><V70/><F70/><W67/><G67/><T108/><D108/><U106/><E106/><V54/><F54/><W36/><G36/><T117/><D117/><U112/><E112/><V9/><F9/><W19/><G50/><T105/><D105/><U73/><E73/><V132/><F132/><W49/><G49/><T35/><D28/><U116/><E116/><V30/><F63/><W102/><G102/><T46/><D46/><U29/><E29/><V114/><F55/><W7/><G43/><T13/><D16/><U5/><E5/><V110/><F110/><W82/><G82/><T119/><D119/><U58/><N who="1" m="14880" /><DORA hai="66" /><U126/><E126/><N who="3" m="48170" /><G7/><T48/><D48/><U71/><E71/><V90/><REACH who="2" /><F114/><W130/><G109/><T68/><REACH who="0" /><D65/><U52/><E62/><V20/><F20/><W101/><G21/><T89/><D89/><AGARI ba="0,0" hai="17,18,25,30,32,75,76,80,81,87,89,90,93,99" machi="89" ten="30,7700,0" yaku="1,1,7,1,52,2,53,0" doraHai="12,66" doraHaiUra="123,38" who="2" fromWho="0" sc="215,-77,213,0,95,97,457,0" owari="138,-26,213,-4,192,-16,457,46" /></mjloggm>