<mjloggm ver="2.3"><GO type="1"/><UN n0="%E3%81%8B%E3%81%AB%E3%83%9E%E3%82%B8%E3%83%B3" n1="%4E%6F%4E%6F%6D%65" n2="%42%E3%82%AF%E3%83%A9%E3%82%B9%E9%BA%BB%E9%9B%80" n3="%E3%81%91%E3%81%84%E7%99%BE" dan="0,10,13,0"/><TAIKYOKU oya="0"/><INIT seed="0,0,0,2,1,71" ten="250,250,250,250" oya="0" hai0="1,52,121,108,3,78,129,5,91,66,20,117,133" hai1="76,74,105,110,41,40,13,124,90,89,130,54,61" hai2="109,62,126,28,45,4,56,123,87,111,72,106,131" hai3="22,30,65,42,113,53,27,85,70,47,114,18,49"/><T67/><D121/><U14/><E130/><V16/><F123/><W68/><G114/><T39/><D117/><U34/><E124/><V94/><F72/><W33/><G113/><T37/><D78/><U43/><E110/><N who="2" m="41995" /><F106/><W69/><G85/><T57/><D108/><U134/><E134/><V81/><F131/><W102/><G102/><T15/><D129/><U79/><E105/><V93/><F28/><W17/><G65/><T116/><D116/><U0/><E0/><V84/><F4/><W24/><REACH who="3" /><G17/><T83/><D66/><U77/><E34/><V118/><F126/><W115/><G115/><T127/><D67/><U128/><E128/><V36/><F118/><W63/><G63/><T38/><D127/><U25/><E74/><V64/><F16/><W32/><G32/><T100/><D100/><U59/><E25/><V125/><F125/><W96/><G96/><T97/><D133/><U21/><E21/><V92/><F81/><W107/><G107/><T88/><D20/><U58/><E61/><V23/><F23/><W31/><G31/><T6/><D6/><U98/><E98/><V99/><F99/><W103/><G103/><T132/><D132/><U29/><E29/><V11/><F11/><W48/><G48/><N who="0" m="30855" /><D97/><U51/><E59/><V122/><F122/><W9/><G9/><N who="0" m="4527" /><D83/><U80/><E80/><V119/><F119/><W19/><G19/><T112/><D112/><U101/><E101/><V95/><N who="2" m="24128" /><DORA hai="135" /><V75/><F75/><W60/><G60/><T104/><D104/><U35/><E35/><V46/><F36/><N who="0" m="9218" /><T2/><AGARI ba="0,0" hai="1,2,3,88,91" m="9218,4527,30855" machi="2" ten="50,18000,2" yaku="4,1,52,4,54,2" doraHai="71,135" who="0" fromWho="0" sc="250,190,250,-60,250,-60,240,-60" /><INIT seed="0,1,0,5,5,88" ten="440,190,190,180" oya="0" hai0="133,48,67,120,42,3,106,83,4,39,36,69,116" hai1="89,128,65,79,113,40,61,2,43,68,131,5,76" hai2="99,49,56,97,98,92,7,35,122,26,121,30,9" hai3="66,55,90,103,37,29,28,73,63,20,71,130,118"/><T132/><D106/><U38/><E113/><V52/><REACH who="2" /><F92/><W75/><G118/><T110/><D116/><U13/><E13/><AGARI ba="1,0" hai="7,9,13,26,30,35,49,52,56,97,98,99,121,122" machi="13" ten="40,8000,1" yaku="21,2,2,1,54,1,53,0" doraHai="88" doraHaiUra="57" who="2" fromWho="1" sc="440,0,190,-83,180,93,180,0" /><INIT seed="1,0,0,0,5,30" ten="440,107,273,180" oya="1" hai0="37,31,1,25,96,92,91,20,134,128,85,56,66" hai1="43,84,72,33,18,15,129,123,26,62,118,4,47" hai2="39,77,95,110,42,130,28,78,23,80,87,57,5" hai3="125,82,116,119,24,45,61,6,133,126,51,99,8"/><U70/><E123/><V10/><F110/><W22/><G99/><T105/><D1/><U121/><E118/><N who="3" m="45098" /><G82/><T38/><D134/><U0/><E121/><V41/><F130/><W67/><G133/><T90/><D128/><U120/><E120/><V135/><F135/><W73/><G73/><T131/><D131/><U124/><E124/><N who="3" m="47722" /><G45/><T58/><D105/><U35/><E129/><V11/><F95/><W76/><G76/><T21/><D66/><U112/><E112/><V2/><F11/><W107/><G51/><T14/><D38/><U113/><E113/><V93/><F93/><W100/><G107/><T114/><D37/><U46/><E72/><V64/><F28/><N who="3" m="17431" /><G100/><T53/><D114/><U132/><E132/><V7/><F39/><W63/><G67/><T106/><D106/><U79/><E47/><V88/><F57/><W69/><G69/><T122/><D122/><U12/><E70/><V75/><F64/><W44/><G44/><T103/><D58/><U54/><E0/><AGARI ba="0,0" hai="0,6,8,61,63" m="17431,47722,45098" machi="0" ten="30,2000,0" yaku="12,1,18,1" doraHai="30" who="3" fromWho="1" sc="440,0,107,-20,273,0,180,20" /><INIT seed="2,0,0,2,0,8" ten="440,87,273,200" oya="2" hai0="135,127,7,58,62,30,26,21,66,90,60,119,22" hai1="117,6,111,50,19,35,32,132,82,36,12,18,129" hai2="16,53,38,128,131,37,55,72,103,120,20,118,80" hai3="14,47,71,51,109,95,27,28,88,113,15,99,85"/><V124/><F120/><W115/><G109/><T45/><D127/><U4/><E117/><V13/><F118/><W114/><G71/><T41/><D119/><U68/><E36/><V34/><F34/><N who="3" m="20767" /><G99/><T107/><D107/><U44/><E111/><V87/><F103/><W64/><G64/><T110/><D135/><U17/><E132/><V76/><F124/><W63/><G63/><T48/><D110/><U39/><E129/><N who="2" m="49739" /><F87/><W116/><G116/><T69/><D7/><U81/><E68/><V133/><F133/><W67/><G67/><T125/><D125/><U83/><E39/><AGARI ba="0,0" hai="13,16,20,37,38,39,53,55,72,76,80" m="49739" machi="39" ten="30,11600,0" yaku="19,1,52,1,54,2" doraHai="8" who="2" fromWho="1" sc="440,0,87,-116,273,116,200,0" owari="440,44,-29,-43,389,14,200,-15" /><BYE who="3" /><BYE who="1" /><BYE who="2" /></mjloggm>